
@Article{Gryning_Floors_CNR,
AUTHOR = {Gryning, Sven-Erik and Floors, Rogier},
TITLE = {Carrier-to-Noise-Threshold Filtering on Off-Shore Wind Lidar Measurements},
JOURNAL = {Sensors},
VOLUME = {19},
YEAR = {2019},
NUMBER = {3},
ARTICLE-NUMBER = {592},
ISSN = {1424-8220},
DOI = {10.3390/s19030592}
}

@Article{Menke_median_filter,
AUTHOR = {Menke, R. and Vasiljevi\'c, N. and Wagner, J. and Oncley, S. P. and Mann, J.},
TITLE = {Multi-lidar wind resource mapping in complex terrain},
JOURNAL = {Wind Energy Science Discussions},
VOLUME = {2019},
YEAR = {2019},
PAGES = {1--21},
DOI = {10.5194/wes-2019-85}
}

@Article{Alcayaga_DBSCAN,
AUTHOR = {Alcayaga, L.},
TITLE = {Filtering of pulsed lidars data using spatial information and a clustering algorithm},
JOURNAL = {Atmospheric Measurement Techniques Discussions},
VOLUME = {2020},
YEAR = {2020},
PAGES = {1--30},
DOI = {10.5194/amt-2019-450}
}

@inproceedings{Ester1996,
    author       = {Martin Ester and Hans-Peter Kriegel and JÃ¶rg Sander and Xiaowei Xu},
    title        = {A Density-based Algorithm for Discovering Clusters a Density-based Algorithm for Discovering Clusters in Large Spatial Databases with Noise},
    booktitle    = {Proceedings of the Second International Conference on Knowledge Discovery and Data Mining},
    series       = {KDD'96},
    address      = {Portland, Oregon},
    pages        = {226--231},
    year         = {1996}
}
@article{Beck2017,
    author = {Hauke Beck and Martin K{\"u}hn},
    title = {Dynamic Data Filtering of Long-Range Doppler LiDAR Wind Speed Measurement.},
    journal = {Remote Sensing},
    volume = {9(6)},
    pages = {561},
    DOI = {10.3390/rs9060561},
        year = {2017}
}


@article{Aitken_2012_a,
author = {Aitken, Matthew L. and Rhodes, Michael E. and Lundquist, Julie K.},
title = {Performance of a Wind-Profiling Lidar in the Region of Wind Turbine Rotor Disks},
journal = {Journal of Atmospheric and Oceanic Technology},
volume = {29},
number = {3},
pages = {347-355},
year = {2012},
doi = {10.1175/JTECH-D-11-00033.1},
}

@misc{rogier_floors_2020_3743076,
  author       = {Rogier Floors and
                  Sven-Erik Gryning},
  title        = {{Carrier-to-Noise-Threshold Filtering on Offshore 
                   Wind Lidar Measurements}},
  month        = apr,
  year         = 2020,
  publisher    = {Zenodo},
  doi          = {10.5281/zenodo.3743076},
}

@misc{leonardo_alcayaga_2020_3742961,
  author       = {Leonardo Alcayaga},
  title        = {{Filtering of pulsed lidar's data using spatial 
                   information and a clustering algorithm}},
  month        = apr,
  year         = 2020,
  publisher    = {Zenodo},
  doi          = {10.5281/zenodo.3742961},
}